<record><leader>00000cas a22000007a 4500</leader><controlfield tag="001">31849806</controlfield><controlfield tag="008">950118d18uu1894vauwr ne      0    0eng d</controlfield><datafield ind1=" " ind2=" " tag="010"><subfield code="a">sn 94059452 </subfield></datafield><datafield ind1=" " ind2=" " tag="040"><subfield code="a">NVK</subfield><subfield code="b">eng</subfield><subfield code="c">NVK</subfield><subfield code="d">OCL</subfield><subfield code="d">OCLCQ</subfield><subfield code="d">DLC</subfield><subfield code="d">OCLCQ</subfield><subfield code="d">OCLCF</subfield></datafield><datafield ind1=" " ind2=" " tag="042"><subfield code="a">msc</subfield></datafield><datafield ind1=" " ind2=" " tag="043"><subfield code="a">n-us-va</subfield></datafield><datafield ind1="0" ind2=" " tag="130"><subfield code="a">Roanoke times (Roanoke, Va. : 1890 : Weekly)</subfield></datafield><datafield ind1="1" ind2="4" tag="245"><subfield code="a">The Roanoke times.</subfield></datafield><datafield ind1="1" ind2="3" tag="246"><subfield code="a">Times</subfield></datafield><datafield ind1=" " ind2=" " tag="260"><subfield code="a">Roanoke, Va. :</subfield><subfield code="b">Roanoke Times Pub. Co.,</subfield><subfield code="c">-1894.</subfield></datafield><datafield ind1=" " ind2=" " tag="300"><subfield code="a">v.</subfield></datafield><datafield ind1=" " ind2=" " tag="310"><subfield code="a">Weekly</subfield></datafield><datafield ind1="0" ind2=" " tag="362"><subfield code="a">-v. 6, no. 200 (Dec. 29, 1894).</subfield></datafield><datafield ind1=" " ind2=" " tag="500"><subfield code="a">Day of publication varies.</subfield></datafield><datafield ind1=" " ind2=" " tag="515"><subfield code="a">Numeration begins with Vol. 4, no. 6 (Feb. 14, 1891).</subfield></datafield><datafield ind1=" " ind2=" " tag="530"><subfield code="a">Microfilm available from University Microfilms International.</subfield></datafield><datafield ind1=" " ind2=" " tag="588"><subfield code="a">Description based on issue for: Sept. 25, 1890.</subfield></datafield><datafield ind1=" " ind2="0" tag="651"><subfield code="a">Roanoke (Va.)</subfield><subfield code="v">Newspapers.</subfield></datafield><datafield ind1=" " ind2="7" tag="655"><subfield code="a">Newspapers.</subfield><subfield code="2">fast</subfield><subfield code="0">(OCoLC)fst01423814</subfield></datafield><datafield ind1=" " ind2="7" tag="651"><subfield code="a">Virginia</subfield><subfield code="z">Roanoke.</subfield><subfield code="2">fast</subfield><subfield code="0">(OCoLC)fst01206560</subfield></datafield><datafield ind1=" " ind2=" " tag="752"><subfield code="a">United States</subfield><subfield code="b">Virginia</subfield><subfield code="d">Roanoke.</subfield></datafield><datafield ind1="0" ind2=" " tag="775"><subfield code="t">Roanoke times (Roanoke, Va. : 1890 : Daily)</subfield><subfield code="x">2163-4890</subfield><subfield code="w">(DLC)sn 86071868</subfield><subfield code="w">(OCoLC)14157370</subfield></datafield><datafield ind1="0" ind2="0" tag="785"><subfield code="t">Roanoke Sunday Times</subfield></datafield></record>